
@article{melecio2018,
   author = {David Melecio-Vázquez and Prathap Ramamurthy and Mark Arend and Jorge E. González-Cruz},
   doi = {10.1007/s10546-018-0361-7},
   issn = {15731472},
   issue = {1},
   journal = {Boundary-Layer Meteorology},
   keywords = {Coastal boundary layer,Microwave radiometer,Moisture boundary layer,Thermal boundary layer,Urban boundary layer},
   pages = {151-161},
   publisher = {Springer Netherlands},
   title = {Thermal Structure of a Coastal–Urban Boundary Layer},
   volume = {169},
   url = {https://doi.org/10.1007/s10546-018-0361-7},
   year = {2018},
}

@article{anderson2011,
  title={Heat waves in the United States: mortality risk during heat waves and effect modification by heat wave characteristics in 43 US communities},
  author={Anderson, G Brooke and Bell, Michelle L},
  journal={Environmental health perspectives},
  volume={119},
  number={2},
  pages={210--218},
  year={2011},
  publisher={National Institute of Environmental Health Sciences}
}

@article{peng2011,
  title={Toward a quantitative estimate of future heat wave mortality under global climate change},
  author={Peng, Roger D and Bobb, Jennifer F and Tebaldi, Claudia and McDaniel, Larry and Bell, Michelle L and Dominici, Francesca},
  journal={Environmental health perspectives},
  volume={119},
  number={5},
  pages={701--706},
  year={2011},
  publisher={National Institute of Environmental Health Sciences}
}

@article{frumkin2016,
  title={Urban sprawl and public health},
  author={Frumkin, Howard},
  journal={Public health reports},
  year={2016},
  publisher={SAGE PublicationsSage CA: Los Angeles, CA}
}

@article{madrigano2015,
  title={A case-only study of vulnerability to heat wave--related mortality in New York City (2000--2011)},
  author={Madrigano, Jaime and Ito, Kazuhiko and Johnson, Sarah and Kinney, Patrick L and Matte, Thomas},
  journal={Environmental health perspectives},
  volume={123},
  number={7},
  pages={672--678},
  year={2015},
  publisher={NLM-Export}
}

@article{heaviside2017,
  title={The urban heat island: implications for health in a changing environment},
  author={Heaviside, Clare and Macintyre, Helen and Vardoulakis, Sotiris},
  journal={Current environmental health reports},
  volume={4},
  number={3},
  pages={296--305},
  year={2017},
  publisher={Springer}
}

@article{mcevoy2012,
  title={The impact of the 2009 heat wave on Melbourne's critical infrastructure},
  author={McEvoy, Darryn and Ahmed, Iftekhar and Mullett, Jane},
  journal={Local Environment},
  volume={17},
  number={8},
  pages={783--796},
  year={2012},
  publisher={Taylor \& Francis}
}

@article{forzieri2018,
  title={Escalating impacts of climate extremes on critical infrastructures in Europe},
  author={Forzieri, Giovanni and Bianchi, Alessandra and e Silva, Filipe Batista and Herrera, Mario A Marin and Leblois, Antoine and Lavalle, Carlo and Aerts, Jeroen CJH and Feyen, Luc},
  journal={Global environmental change},
  volume={48},
  pages={97--107},
  year={2018},
  publisher={Elsevier}
}

@article{burillo2019,
  title={Electricity infrastructure vulnerabilities due to long-term growth and extreme heat from climate change in Los Angeles County},
  author={Burillo, Daniel and Chester, Mikhail V and Pincetl, Stephanie and Fournier, Eric},
  journal={Energy Policy},
  volume={128},
  pages={943--953},
  year={2019},
  publisher={Elsevier}
}

@article{zuo2015,
  title={Impacts of heat waves and corresponding measures: a review},
  author={Zuo, Jian and Pullen, Stephen and Palmer, Jasmine and Bennetts, Helen and Chileshe, Nicholas and Ma, Tony},
  journal={Journal of Cleaner Production},
  volume={92},
  pages={1--12},
  year={2015},
  publisher={Elsevier}
}

@article{black2004,
  title={Factors contributing to the summer 2003 European heatwave},
  author={Black, Emily and Blackburn, Mike and Harrison, Giles and Hoskins, Brian and Methven, John},
  journal={Weather},
  volume={59},
  number={8},
  pages={217--223},
  year={2004},
  publisher={Wiley Online Library}
}
 
@article{miralles2014,
  title={Mega-heatwave temperatures due to combined soil desiccation and atmospheric heat accumulation},
  author={Miralles, Diego G and Teuling, Adriaan J and Van Heerwaarden, Chiel C and De Arellano, Jordi Vila-Guerau},
  journal={Nature geoscience},
  volume={7},
  number={5},
  pages={345--349},
  year={2014},
  publisher={Nature Publishing Group}
}

@article{chen2014,
  title={WRF simulations of urban heat island under hot-weather synoptic conditions: The case study of Hangzhou City, China},
  author={Chen, Feng and Yang, Xuchao and Zhu, Weiping},
  journal={Atmospheric research},
  volume={138},
  pages={364--377},
  year={2014},
  publisher={Elsevier}
}
 
@article{ramamurthy2017,
  title={Heatwaves and urban heat islands: a comparative analysis of multiple cities},
  author={Ramamurthy, P and Bou-Zeid, E},
  journal={Journal of Geophysical Research: Atmospheres},
  volume={122},
  number={1},
  pages={168--178},
  year={2017},
  publisher={Wiley Online Library}
}

@article{li2013,
  title={Synergistic interactions between urban heat islands and heat waves: The impact in cities is larger than the sum of its parts},
  author={Li, Dan and Bou-Zeid, Elie},
  journal={Journal of Applied Meteorology and Climatology},
  volume={52},
  number={9},
  pages={2051--2064},
  year={2013}
}

@article{zhao2018,
  title={Interactions between urban heat islands and heat waves},
  author={Zhao, Lei and Oppenheimer, Michael and Zhu, Qing and Baldwin, Jane W and Ebi, Kristie L and Bou-Zeid, Elie and Guan, Kaiyu and Liu, Xu},
  journal={Environmental research letters},
  volume={13},
  number={3},
  pages={034003},
  year={2018},
  publisher={IOP Publishing}
}

@article{meir2013,
  title={Forecasting the New York City urban heat island and sea breeze during extreme heat events},
  author={Meir, Talmor and Orton, Philip M and Pullen, Julie and Holt, Teddy and Thompson, William T and Arend, Mark F},
  journal={Weather and Forecasting},
  volume={28},
  number={6},
  pages={1460--1477},
  year={2013}
}

@article{hu2016,
  title={Influence of synoptic sea-breeze fronts on the urban heat island intensity in Dallas--Fort Worth, Texas},
  author={Hu, Xiao-Ming and Xue, Ming},
  journal={Monthly Weather Review},
  volume={144},
  number={4},
  pages={1487--1507},
  year={2016}
}

@article{jiang2019,
  title={Amplified urban heat islands during heat wave periods},
  author={Jiang, Shaojing and Lee, Xuhui and Wang, Jiankai and Wang, Kaicun},
  journal={Journal of Geophysical Research: Atmospheres},
  volume={124},
  number={14},
  pages={7797--7812},
  year={2019},
  publisher={Wiley Online Library}
}

@article{stefanon2014,
  title={Soil moisture-temperature feedbacks at meso-scale during summer heat waves over Western Europe},
  author={St{\'e}fanon, Marc and Drobinski, Philippe and D’Andrea, Fabio and Lebeaupin-Brossier, Cindy and Bastin, Sophie},
  journal={Climate dynamics},
  volume={42},
  number={5},
  pages={1309--1324},
  year={2014},
  publisher={Springer}
}

@article{li2016,
  title={Changes in wind speed under heat waves enhance urban heat Islands in the Beijing metropolitan area},
  author={Li, Dan and Sun, Ting and Liu, Maofeng and Wang, Linlin and Gao, Zhiqiu},
  journal={Journal of Applied Meteorology and Climatology},
  volume={55},
  number={11},
  pages={2369--2375},
  year={2016}
}

@article{brotzge2020,
  title={A technical overview of the new york state mesonet standard network},
  author={Brotzge, Jerald A and Wang, J and Thorncroft, CD and Joseph, E and Bain, N and Bassill, N and Farruggio, N and Freedman, JM and Hemker, K and Johnston, D and others},
  journal={Journal of Atmospheric and Oceanic Technology},
  volume={37},
  number={10},
  pages={1827--1845},
  year={2020},
  publisher={American Meteorological Society}
}

@article{hewison2003,
  title={Radiometrics MP3000 microwave radiometer performance assessment},
  author={Hewison, Tim and Gaffard, Catherine},
  journal={Obs. Development Technical Report TR29, Met Office, National Meteorological Library, Exeter, UK. Also available from http://tim. hewison. org/TR29. pdf},
  year={2003}
}

@article{sanchez2013,
  title={A method to improve the accuracy of continuous measuring of vertical profiles of temperature and water vapor density by means of a ground-based microwave radiometer},
  author={S{\'a}nchez, JL and Posada, R and Garc{\'\i}a-Ortega, E and L{\'o}pez, L and Marcos, JL},
  journal={Atmospheric Research},
  volume={122},
  pages={43--54},
  year={2013},
  publisher={Elsevier}
}
@article{guldner2001,
  title={Remote sensing of the thermodynamic state of the atmospheric boundary layer by ground-based microwave radiometry},
  author={G{\"u}ldner, J and Sp{\"a}nkuch, D},
  journal={Journal of Atmospheric and Oceanic Technology},
  volume={18},
  number={6},
  pages={925--933},
  year={2001}
}

@article{shrestha2021,
  title={Overview and Applications of the New York State Mesonet Profiler Network},
  author={Shrestha, Bhupal and Brotzge, JA and Wang, J and Bain, N and Thorncroft, CD and Joseph, E and Freedman, J and Perez, S},
  journal={Journal of Applied Meteorology and Climatology},
  volume={60},
  number={11},
  pages={1591--1611},
  year={2021}
}

@article{kumer2014,
  title={A comparison of LiDAR and radiosonde wind measurements},
  author={Kumer, Valerie-M and Reuder, Joachim and Furevik, Birgitte R},
  journal={Energy Procedia},
  volume={53},
  pages={214--220},
  year={2014},
  publisher={Elsevier}
}

@article{gedzelman2003,
  title={Mesoscale aspects of the urban heat island around New York City},
  author={Gedzelman, SD and Austin, S and Cermak, R and Stefano, N and Partridge, S and Quesenberry, S and Robinson, DA},
  journal={Theoretical and applied climatology},
  volume={75},
  number={1},
  pages={29--42},
  year={2003},
  publisher={Springer}
}

@article{colle2010,
  title={The New York Bight jet: climatology and dynamical evolution},
  author={Colle, Brian A and Novak, David R},
  journal={Monthly Weather Review},
  volume={138},
  number={6},
  pages={2385--2404},
  year={2010}
}

@article{novak2006,
  title={Observations of multiple sea breeze boundaries during an unseasonably warm day in metropolitan New York City},
  author={Novak, David R and Colle, Brian A},
  journal={Bulletin of the American Meteorological Society},
  volume={87},
  number={2},
  pages={169--174},
  year={2006},
  publisher={JSTOR}
}

@article{meir2013,
  title={Forecasting the New York City urban heat island and sea breeze during extreme heat events},
  author={Meir, Talmor and Orton, Philip M and Pullen, Julie and Holt, Teddy and Thompson, William T and Arend, Mark F},
  journal={Weather and Forecasting},
  volume={28},
  number={6},
  pages={1460--1477},
  year={2013},
  publisher={American Meteorological Society}
}

@article{childs2005,
  title={Observations and numerical simulations of urban heat island and sea breeze circulations over New York City},
  author={Childs, Peter P and Raman, Sethu},
  journal={Pure and Applied Geophysics},
  volume={162},
  number={10},
  pages={1955--1980},
  year={2005},
  publisher={Springer}
}

@article{thompson2007,
  title={Investigation of a sea breeze front in an urban environment},
  author={Thompson, William T and Holt, Teddy and Pullen, Julie},
  journal={Quarterly Journal of the Royal Meteorological Society: A journal of the atmospheric sciences, applied meteorology and physical oceanography},
  volume={133},
  number={624},
  pages={579--594},
  year={2007},
  publisher={Wiley Online Library}
}

@article{frizzola1963,
  title={A series of sea breeze observations in the New York City area},
  author={Frizzola, John A and Fisher, Edwin L},
  journal={Journal of Applied Meteorology and Climatology},
  volume={2},
  number={6},
  pages={722--739},
  year={1963}
}

@article{robinson2001,
  title={On the definition of a heat wave},
  author={Robinson, Peter J},
  journal={Journal of Applied Meteorology and Climatology},
  volume={40},
  number={4},
  pages={762--775},
  year={2001},
  publisher={American Meteorological Society}
}

@misc{nws2018, 
	title={National Weather Service New York, NY excessive heat page}, 
	url={https://www.weather.gov/okx/excessiveheat}, 
	journal={National Weather Service}, 
	publisher={NOAA's National Weather Service}, 
	author={National Weather Service, NOAA}, 
	year={2018}, 
	month={May}
} 

@article{thomas2020,
  title={Mechanisms associated with daytime and nighttime heat waves over the contiguous united states},
  author={Thomas, Natalie P and Bosilovich, Michael G and Marquardt Collow, Allison B and Koster, Randal D and Schubert, Siegfried D and Dezfuli, Amin and Mahanama, Sarith P},
  journal={Journal of Applied Meteorology and Climatology},
  volume={59},
  number={11},
  pages={1865--1882},
  year={2020}
}

@misc{asos1998,
	title={Automated Surface Observing System (ASOS) User's Guide},
	author={NOAA and Department of Defense and Federal Aviation Administration and United States Navy},
	year={1998},
	publisher={National Weather Service, NOAA},
	url={https://www.weather.gov/media/asos/aum-toc.pdf}
}

@article{jiang2019,
  title={Amplified urban heat islands during heat wave periods},
  author={Jiang, Shaojing and Lee, Xuhui and Wang, Jiankai and Wang, Kaicun},
  journal={Journal of Geophysical Research: Atmospheres},
  volume={124},
  number={14},
  pages={7797--7812},
  year={2019},
  publisher={Wiley Online Library}
}

@article{barlow2011,
  title={Boundary layer dynamics over London, UK, as observed using Doppler lidar during REPARTEE-II},
  author={Barlow, Janet F and Dunbar, TM and Nemitz, EG and Wood, Curtis R and Gallagher, MW and Davies, F and O'Connor, Ewan and Harrison, RM},
  journal={Atmospheric Chemistry and Physics},
  volume={11},
  number={5},
  pages={2111--2125},
  year={2011},
  publisher={Copernicus GmbH}
}

@article{pelliccioni2012,
  title={Some characteristics of the urban boundary layer above Rome, Italy, and applicability of Monin--Obukhov similarity},
  author={Pelliccioni, A and Monti, P and Gariazzo, C and Leuzzi, G},
  journal={Environmental fluid mechanics},
  volume={12},
  number={5},
  pages={405--428},
  year={2012},
  publisher={Springer}
}

@article{wu2019,
  title={Observation of heat wave effects on the urban air quality and PBL in New York City area},
  author={Wu, Yonghua and Zhao, Kaihui and Huang, Jianping and Arend, Mark and Gross, Barry and Moshary, Fred},
  journal={Atmospheric Environment},
  volume={218},
  pages={117024},
  year={2019},
  publisher={Elsevier}
}

@article{wang2012,
  title={Lidar measurement of planetary boundary layer height and comparison with microwave profiling radiometer observation},
  author={Wang, Z and Cao, X and Zhang, L and Notholt, J and Zhou, B and Liu, R and Zhang, B},
  journal={Atmospheric Measurement Techniques},
  volume={5},
  number={8},
  pages={1965--1972},
  year={2012},
  publisher={Copernicus GmbH}
}

@article{quan2013,
  title={Evolution of planetary boundary layer under different weather conditions, and its impact on aerosol concentrations},
  author={Quan, Jiannong and Gao, Yang and Zhang, Qiang and Tie, Xuexi and Cao, Junji and Han, Suqin and Meng, Junwang and Chen, Pengfei and Zhao, Delong},
  journal={Particuology},
  volume={11},
  number={1},
  pages={34--40},
  year={2013},
  publisher={Elsevier}
}

@article{ramamurthy2017,
  title={Impact of heatwave on a megacity: an observational analysis of New York City during July 2016},
  author={Ramamurthy, Prathap and Gonzalez, Jorge and Ortiz, Luis and Arend, Mark and Moshary, Fred},
  journal={Environmental Research Letters},
  volume={12},
  number={5},
  pages={054011},
  year={2017},
  publisher={IOP Publishing}
}

@article{anurose2018,
  title={Two years observations on the diurnal evolution of coastal atmospheric boundary layer features over Thiruvananthapuram (8.5∘ N, 76.9∘ E), India},
  author={Anurose, TJ and Subrahamanyam, D Bala and Sunilkumar, SV},
  journal={Theoretical and applied climatology},
  volume={131},
  number={1},
  pages={77--90},
  year={2018},
  publisher={Springer}
}

@article{banks2015,
  title={Performance evaluation of the boundary-layer height from lidar and the Weather Research and Forecasting model at an urban coastal site in the north-east Iberian Peninsula},
  author={Banks, Robert F and Tiana-Alsina, Jordi and Rocadenbosch, Francesc and Baldasano, Jos{\'e} M},
  journal={Boundary-layer meteorology},
  volume={157},
  number={2},
  pages={265--292},
  year={2015},
  publisher={Springer}
}

@article{dearrudamoreira2020,
  title={Study of the planetary boundary layer height in an urban environment using a combination of microwave radiometer and ceilometer},
  author={de Arruda Moreira, Gregori and Guerrero-Rascado, Juan Luis and Bravo-Aranda, Juan Antonio and Foyo-Moreno, Inmaculada and Cazorla, Alberto and Alados, Inmaculada and Lyamani, Hassan and Landulfo, Eduardo and Alados-Arboledas, Lucas},
  journal={Atmospheric Research},
  volume={240},
  pages={104932},
  year={2020},
  publisher={Elsevier}
}

@article{zhang2020,
  title={Aircraft observed diurnal variations of the planetary boundary layer under heat waves},
  author={Zhang, Yuanjie and Wang, Liang and Santanello Jr, Joseph A and Pan, Zaitao and Gao, Zhiqiu and Li, Dan},
  journal={Atmospheric Research},
  volume={235},
  pages={104801},
  year={2020},
  publisher={Elsevier}
}

@article{rose2005,
  title={A network suitable microwave radiometer for operational monitoring of the cloudy atmosphere},
  author={Rose, Thomas and Crewell, Susanne and L{\"o}hnert, Ulrich and Simmer, Clemens},
  journal={Atmospheric research},
  volume={75},
  number={3},
  pages={183--200},
  year={2005},
  publisher={Elsevier}
}

@article{grund2001,
  title={High-resolution Doppler lidar for boundary layer and cloud research},
  author={Grund, Christian J and Banta, Robert M and George, Joanne L and Howell, James N and Post, Madison J and Richter, Ronald A and Weickmann, Ann M},
  journal={Journal of Atmospheric and Oceanic Technology},
  volume={18},
  number={3},
  pages={376--393},
  year={2001},
  publisher={American Meteorological Society}
}

@article{ramamurthy2014,
  title={Contribution of impervious surfaces to urban evaporation},
  author={Ramamurthy, Prathap and Bou-Zeid, E},
  journal={Water Resources Research},
  volume={50},
  number={4},
  pages={2889--2902},
  year={2014},
  publisher={Wiley Online Library}
}

@article{hrisko2021,
  title={Estimating heat storage in urban areas using multispectral satellite data and machine learning},
  author={Hrisko, Joshua and Ramamurthy, Prathap and Gonzalez, Jorge E},
  journal={Remote Sensing of Environment},
  volume={252},
  pages={112125},
  year={2021},
  publisher={Elsevier}
}

@article{tewari2019,
  title={Interaction of urban heat islands and heat waves under current and future climate conditions and their mitigation using green and cool roofs in New York City and Phoenix, Arizona},
  author={Tewari, Mukul and Yang, Jiachuan and Kusaka, Hiroyuki and Salamanca, Francisco and Watson, Campbell and Treinish, Lloyd},
  journal={Environmental Research Letters},
  volume={14},
  number={3},
  pages={034002},
  year={2019},
  publisher={IOP Publishing}
}

@article{yu2008,
  title={Developing algorithm for operational GOES-R land surface temperature product},
  author={Yu, Yunyue and Tarpley, Dan and Privette, Jeffrey L and Goldberg, Mitchell D and Raja, MK Rama Varma and Vinnikov, Konstantin Y and Xu, Hui},
  journal={IEEE Transactions on Geoscience and Remote Sensing},
  volume={47},
  number={3},
  pages={936--951},
  year={2008},
  publisher={IEEE}
}

@article{ignatov2010,
  title={GOES-R Advanced Baseline Imager (ABI) algorithm theoretical basis document for sea surface temperature},
  author={Ignatov, A and Petrenko, B and Shabanov, N and Kihai, Y and Dash, P and Liang, X and others},
  journal={NOAA NESDIS Center for Satellite Applications and Research},
  year={2010}
}

@article{luo2021,
  title={Skin Sea Surface Temperatures From the GOES-16 ABI Validated With Those of the Shipborne M-AERI},
  author={Luo, Bingkun and Minnett, Peter J},
  journal={IEEE Transactions on Geoscience and Remote Sensing},
  volume={59},
  number={12},
  pages={9902--9913},
  year={2021},
  publisher={IEEE}
}